%YAML 1.1
%TAG !u! tag:unity3d.com,2011:
--- !u!1001 &100100000
Prefab:
  m_ObjectHideFlags: 1
  serializedVersion: 2
  m_Modification:
    m_TransformParent: {fileID: 0}
    m_Modifications: []
    m_RemovedComponents: []
  m_SourcePrefab: {fileID: 0}
  m_RootGameObject: {fileID: 1293182322313922}
  m_IsPrefabAsset: 1
--- !u!1 &1000956212456528
GameObject:
  m_ObjectHideFlags: 1
  m_CorrespondingSourceObject: {fileID: 0}
  m_PrefabInternal: {fileID: 100100000}
  serializedVersion: 6
  m_Component:
  - component: {fileID: 4206328482080496}
  m_Layer: 0
  m_Name: L_Finger0302
  m_TagString: Untagged
  m_Icon: {fileID: 0}
  m_NavMeshLayer: 0
  m_StaticEditorFlags: 0
  m_IsActive: 1
--- !u!1 &1017848815933514
GameObject:
  m_ObjectHideFlags: 1
  m_CorrespondingSourceObject: {fileID: 0}
  m_PrefabInternal: {fileID: 100100000}
  serializedVersion: 6
  m_Component:
  - component: {fileID: 4924811787664262}
  m_Layer: 0
  m_Name: Spine04
  m_TagString: Untagged
  m_Icon: {fileID: 0}
  m_NavMeshLayer: 0
  m_StaticEditorFlags: 0
  m_IsActive: 1
--- !u!1 &1032244949025786
GameObject:
  m_ObjectHideFlags: 1
  m_CorrespondingSourceObject: {fileID: 0}
  m_PrefabInternal: {fileID: 100100000}
  serializedVersion: 6
  m_Component:
  - component: {fileID: 4184326797585510}
  m_Layer: 0
  m_Name: R_Finger0203
  m_TagString: Untagged
  m_Icon: {fileID: 0}
  m_NavMeshLayer: 0
  m_StaticEditorFlags: 0
  m_IsActive: 1
--- !u!1 &1037742974639052
GameObject:
  m_ObjectHideFlags: 1
  m_CorrespondingSourceObject: {fileID: 0}
  m_PrefabInternal: {fileID: 100100000}
  serializedVersion: 6
  m_Component:
  - component: {fileID: 4983644417000902}
  m_Layer: 0
  m_Name: R_arm_Clavicle
  m_TagString: Untagged
  m_Icon: {fileID: 0}
  m_NavMeshLayer: 0
  m_StaticEditorFlags: 0
  m_IsActive: 1
--- !u!1 &1055863058595172
GameObject:
  m_ObjectHideFlags: 1
  m_CorrespondingSourceObject: {fileID: 0}
  m_PrefabInternal: {fileID: 100100000}
  serializedVersion: 6
  m_Component:
  - component: {fileID: 4877888576731262}
  m_Layer: 0
  m_Name: Spine01
  m_TagString: Untagged
  m_Icon: {fileID: 0}
  m_NavMeshLayer: 0
  m_StaticEditorFlags: 0
  m_IsActive: 1
--- !u!1 &1118758928568086
GameObject:
  m_ObjectHideFlags: 1
  m_CorrespondingSourceObject: {fileID: 0}
  m_PrefabInternal: {fileID: 100100000}
  serializedVersion: 6
  m_Component:
  - component: {fileID: 4768445843681358}
  m_Layer: 0
  m_Name: L_Finger0103
  m_TagString: Untagged
  m_Icon: {fileID: 0}
  m_NavMeshLayer: 0
  m_StaticEditorFlags: 0
  m_IsActive: 1
--- !u!1 &1131546248043858
GameObject:
  m_ObjectHideFlags: 1
  m_CorrespondingSourceObject: {fileID: 0}
  m_PrefabInternal: {fileID: 100100000}
  serializedVersion: 6
  m_Component:
  - component: {fileID: 4347726713687676}
  m_Layer: 0
  m_Name: R_Finger0103
  m_TagString: Untagged
  m_Icon: {fileID: 0}
  m_NavMeshLayer: 0
  m_StaticEditorFlags: 0
  m_IsActive: 1
--- !u!1 &1185578055461828
GameObject:
  m_ObjectHideFlags: 1
  m_CorrespondingSourceObject: {fileID: 0}
  m_PrefabInternal: {fileID: 100100000}
  serializedVersion: 6
  m_Component:
  - component: {fileID: 4755248332724028}
  m_Layer: 0
  m_Name: RootJNT
  m_TagString: Untagged
  m_Icon: {fileID: 0}
  m_NavMeshLayer: 0
  m_StaticEditorFlags: 0
  m_IsActive: 1
--- !u!1 &1210409137991032
GameObject:
  m_ObjectHideFlags: 1
  m_CorrespondingSourceObject: {fileID: 0}
  m_PrefabInternal: {fileID: 100100000}
  serializedVersion: 6
  m_Component:
  - component: {fileID: 4121953690845480}
  - component: {fileID: 137866806458070950}
  m_Layer: 0
  m_Name: Monster_Boss
  m_TagString: Untagged
  m_Icon: {fileID: 0}
  m_NavMeshLayer: 0
  m_StaticEditorFlags: 0
  m_IsActive: 1
--- !u!1 &1215050782884926
GameObject:
  m_ObjectHideFlags: 1
  m_CorrespondingSourceObject: {fileID: 0}
  m_PrefabInternal: {fileID: 100100000}
  serializedVersion: 6
  m_Component:
  - component: {fileID: 4451879261886858}
  m_Layer: 0
  m_Name: Head01
  m_TagString: Untagged
  m_Icon: {fileID: 0}
  m_NavMeshLayer: 0
  m_StaticEditorFlags: 0
  m_IsActive: 1
--- !u!1 &1224908323856042
GameObject:
  m_ObjectHideFlags: 1
  m_CorrespondingSourceObject: {fileID: 0}
  m_PrefabInternal: {fileID: 100100000}
  serializedVersion: 6
  m_Component:
  - component: {fileID: 4611526520389870}
  m_Layer: 0
  m_Name: L_Arm03
  m_TagString: Untagged
  m_Icon: {fileID: 0}
  m_NavMeshLayer: 0
  m_StaticEditorFlags: 0
  m_IsActive: 1
--- !u!1 &1290136954900714
GameObject:
  m_ObjectHideFlags: 1
  m_CorrespondingSourceObject: {fileID: 0}
  m_PrefabInternal: {fileID: 100100000}
  serializedVersion: 6
  m_Component:
  - component: {fileID: 4964632677484372}
  m_Layer: 0
  m_Name: R_arm_ClavicleEND
  m_TagString: Untagged
  m_Icon: {fileID: 0}
  m_NavMeshLayer: 0
  m_StaticEditorFlags: 0
  m_IsActive: 1
--- !u!1 &1293182322313922
GameObject:
  m_ObjectHideFlags: 0
  m_CorrespondingSourceObject: {fileID: 0}
  m_PrefabInternal: {fileID: 100100000}
  serializedVersion: 6
  m_Component:
  - component: {fileID: 4528178366357348}
  - component: {fileID: 95944886072049228}
  - component: {fileID: 135902000219091358}
  - component: {fileID: 114117131103205986}
  m_Layer: 0
  m_Name: Monster_Boss
  m_TagString: Boss
  m_Icon: {fileID: 0}
  m_NavMeshLayer: 0
  m_StaticEditorFlags: 0
  m_IsActive: 1
--- !u!1 &1309986633555596
GameObject:
  m_ObjectHideFlags: 1
  m_CorrespondingSourceObject: {fileID: 0}
  m_PrefabInternal: {fileID: 100100000}
  serializedVersion: 6
  m_Component:
  - component: {fileID: 4628841171884076}
  m_Layer: 0
  m_Name: R_Arm03
  m_TagString: Untagged
  m_Icon: {fileID: 0}
  m_NavMeshLayer: 0
  m_StaticEditorFlags: 0
  m_IsActive: 1
--- !u!1 &1315471939914318
GameObject:
  m_ObjectHideFlags: 1
  m_CorrespondingSourceObject: {fileID: 0}
  m_PrefabInternal: {fileID: 100100000}
  serializedVersion: 6
  m_Component:
  - component: {fileID: 4124432886319642}
  m_Layer: 0
  m_Name: L_Finger0301
  m_TagString: Untagged
  m_Icon: {fileID: 0}
  m_NavMeshLayer: 0
  m_StaticEditorFlags: 0
  m_IsActive: 1
--- !u!1 &1350161699633542
GameObject:
  m_ObjectHideFlags: 1
  m_CorrespondingSourceObject: {fileID: 0}
  m_PrefabInternal: {fileID: 100100000}
  serializedVersion: 6
  m_Component:
  - component: {fileID: 4504073072351588}
  m_Layer: 0
  m_Name: L_Arm04
  m_TagString: Untagged
  m_Icon: {fileID: 0}
  m_NavMeshLayer: 0
  m_StaticEditorFlags: 0
  m_IsActive: 1
--- !u!1 &1355049315660006
GameObject:
  m_ObjectHideFlags: 1
  m_CorrespondingSourceObject: {fileID: 0}
  m_PrefabInternal: {fileID: 100100000}
  serializedVersion: 6
  m_Component:
  - component: {fileID: 4242814243167266}
  m_Layer: 0
  m_Name: spine05
  m_TagString: Untagged
  m_Icon: {fileID: 0}
  m_NavMeshLayer: 0
  m_StaticEditorFlags: 0
  m_IsActive: 1
--- !u!1 &1372247165913002
GameObject:
  m_ObjectHideFlags: 1
  m_CorrespondingSourceObject: {fileID: 0}
  m_PrefabInternal: {fileID: 100100000}
  serializedVersion: 6
  m_Component:
  - component: {fileID: 4546621518596556}
  m_Layer: 0
  m_Name: jaw_JNT
  m_TagString: Untagged
  m_Icon: {fileID: 0}
  m_NavMeshLayer: 0
  m_StaticEditorFlags: 0
  m_IsActive: 1
--- !u!1 &1378676197294082
GameObject:
  m_ObjectHideFlags: 1
  m_CorrespondingSourceObject: {fileID: 0}
  m_PrefabInternal: {fileID: 100100000}
  serializedVersion: 6
  m_Component:
  - component: {fileID: 4966165382964458}
  m_Layer: 0
  m_Name: L_Finger0101
  m_TagString: Untagged
  m_Icon: {fileID: 0}
  m_NavMeshLayer: 0
  m_StaticEditorFlags: 0
  m_IsActive: 1
--- !u!1 &1395280648131992
GameObject:
  m_ObjectHideFlags: 1
  m_CorrespondingSourceObject: {fileID: 0}
  m_PrefabInternal: {fileID: 100100000}
  serializedVersion: 6
  m_Component:
  - component: {fileID: 4314845134209574}
  m_Layer: 0
  m_Name: R_Arm04
  m_TagString: Untagged
  m_Icon: {fileID: 0}
  m_NavMeshLayer: 0
  m_StaticEditorFlags: 0
  m_IsActive: 1
--- !u!1 &1404158228710482
GameObject:
  m_ObjectHideFlags: 1
  m_CorrespondingSourceObject: {fileID: 0}
  m_PrefabInternal: {fileID: 100100000}
  serializedVersion: 6
  m_Component:
  - component: {fileID: 4099328832613142}
  m_Layer: 0
  m_Name: L_arm_Clavicle
  m_TagString: Untagged
  m_Icon: {fileID: 0}
  m_NavMeshLayer: 0
  m_StaticEditorFlags: 0
  m_IsActive: 1
--- !u!1 &1453725526767632
GameObject:
  m_ObjectHideFlags: 1
  m_CorrespondingSourceObject: {fileID: 0}
  m_PrefabInternal: {fileID: 100100000}
  serializedVersion: 6
  m_Component:
  - component: {fileID: 4154765182833924}
  m_Layer: 0
  m_Name: Jaw_ENDJNT
  m_TagString: Untagged
  m_Icon: {fileID: 0}
  m_NavMeshLayer: 0
  m_StaticEditorFlags: 0
  m_IsActive: 1
--- !u!1 &1464455840185500
GameObject:
  m_ObjectHideFlags: 1
  m_CorrespondingSourceObject: {fileID: 0}
  m_PrefabInternal: {fileID: 100100000}
  serializedVersion: 6
  m_Component:
  - component: {fileID: 4438966860354056}
  m_Layer: 0
  m_Name: Neck01
  m_TagString: Untagged
  m_Icon: {fileID: 0}
  m_NavMeshLayer: 0
  m_StaticEditorFlags: 0
  m_IsActive: 1
--- !u!1 &1483968202729860
GameObject:
  m_ObjectHideFlags: 0
  m_CorrespondingSourceObject: {fileID: 0}
  m_PrefabInternal: {fileID: 100100000}
  serializedVersion: 6
  m_Component:
  - component: {fileID: 4294468411776588}
  m_Layer: 0
  m_Name: Boss_Geo
  m_TagString: Untagged
  m_Icon: {fileID: 0}
  m_NavMeshLayer: 0
  m_StaticEditorFlags: 0
  m_IsActive: 1
--- !u!1 &1487171418418968
GameObject:
  m_ObjectHideFlags: 1
  m_CorrespondingSourceObject: {fileID: 0}
  m_PrefabInternal: {fileID: 100100000}
  serializedVersion: 6
  m_Component:
  - component: {fileID: 4220713779448922}
  m_Layer: 0
  m_Name: R_Arm01
  m_TagString: Untagged
  m_Icon: {fileID: 0}
  m_NavMeshLayer: 0
  m_StaticEditorFlags: 0
  m_IsActive: 1
--- !u!1 &1487834005396726
GameObject:
  m_ObjectHideFlags: 1
  m_CorrespondingSourceObject: {fileID: 0}
  m_PrefabInternal: {fileID: 100100000}
  serializedVersion: 6
  m_Component:
  - component: {fileID: 4368351815769222}
  m_Layer: 0
  m_Name: R_Finger0102
  m_TagString: Untagged
  m_Icon: {fileID: 0}
  m_NavMeshLayer: 0
  m_StaticEditorFlags: 0
  m_IsActive: 1
--- !u!1 &1491478011664112
GameObject:
  m_ObjectHideFlags: 0
  m_CorrespondingSourceObject: {fileID: 0}
  m_PrefabInternal: {fileID: 100100000}
  serializedVersion: 6
  m_Component:
  - component: {fileID: 4609553596710956}
  - component: {fileID: 136858097425358376}
  m_Layer: 0
  m_Name: BossCollider
  m_TagString: Enemy
  m_Icon: {fileID: 0}
  m_NavMeshLayer: 0
  m_StaticEditorFlags: 0
  m_IsActive: 1
--- !u!1 &1494867555382192
GameObject:
  m_ObjectHideFlags: 1
  m_CorrespondingSourceObject: {fileID: 0}
  m_PrefabInternal: {fileID: 100100000}
  serializedVersion: 6
  m_Component:
  - component: {fileID: 4994679048742690}
  m_Layer: 0
  m_Name: L_Arm01
  m_TagString: Untagged
  m_Icon: {fileID: 0}
  m_NavMeshLayer: 0
  m_StaticEditorFlags: 0
  m_IsActive: 1
--- !u!1 &1519217771619000
GameObject:
  m_ObjectHideFlags: 1
  m_CorrespondingSourceObject: {fileID: 0}
  m_PrefabInternal: {fileID: 100100000}
  serializedVersion: 6
  m_Component:
  - component: {fileID: 4126873718324628}
  m_Layer: 0
  m_Name: R_Arm02
  m_TagString: Untagged
  m_Icon: {fileID: 0}
  m_NavMeshLayer: 0
  m_StaticEditorFlags: 0
  m_IsActive: 1
--- !u!1 &1533270508648400
GameObject:
  m_ObjectHideFlags: 1
  m_CorrespondingSourceObject: {fileID: 0}
  m_PrefabInternal: {fileID: 100100000}
  serializedVersion: 6
  m_Component:
  - component: {fileID: 4360553663093154}
  m_Layer: 0
  m_Name: R_Finger0101
  m_TagString: Untagged
  m_Icon: {fileID: 0}
  m_NavMeshLayer: 0
  m_StaticEditorFlags: 0
  m_IsActive: 1
--- !u!1 &1556302873033832
GameObject:
  m_ObjectHideFlags: 1
  m_CorrespondingSourceObject: {fileID: 0}
  m_PrefabInternal: {fileID: 100100000}
  serializedVersion: 6
  m_Component:
  - component: {fileID: 4232106509316542}
  m_Layer: 0
  m_Name: L_Finger0102
  m_TagString: Untagged
  m_Icon: {fileID: 0}
  m_NavMeshLayer: 0
  m_StaticEditorFlags: 0
  m_IsActive: 1
--- !u!1 &1560114096916224
GameObject:
  m_ObjectHideFlags: 1
  m_CorrespondingSourceObject: {fileID: 0}
  m_PrefabInternal: {fileID: 100100000}
  serializedVersion: 6
  m_Component:
  - component: {fileID: 4120287822333820}
  m_Layer: 0
  m_Name: L_Finger0203
  m_TagString: Untagged
  m_Icon: {fileID: 0}
  m_NavMeshLayer: 0
  m_StaticEditorFlags: 0
  m_IsActive: 1
--- !u!1 &1580875314558516
GameObject:
  m_ObjectHideFlags: 1
  m_CorrespondingSourceObject: {fileID: 0}
  m_PrefabInternal: {fileID: 100100000}
  serializedVersion: 6
  m_Component:
  - component: {fileID: 4182628706823896}
  m_Layer: 0
  m_Name: Spine02
  m_TagString: Untagged
  m_Icon: {fileID: 0}
  m_NavMeshLayer: 0
  m_StaticEditorFlags: 0
  m_IsActive: 1
--- !u!1 &1598870165329442
GameObject:
  m_ObjectHideFlags: 1
  m_CorrespondingSourceObject: {fileID: 0}
  m_PrefabInternal: {fileID: 100100000}
  serializedVersion: 6
  m_Component:
  - component: {fileID: 4676719189505398}
  m_Layer: 0
  m_Name: Spine03
  m_TagString: Untagged
  m_Icon: {fileID: 0}
  m_NavMeshLayer: 0
  m_StaticEditorFlags: 0
  m_IsActive: 1
--- !u!1 &1611958824515152
GameObject:
  m_ObjectHideFlags: 1
  m_CorrespondingSourceObject: {fileID: 0}
  m_PrefabInternal: {fileID: 100100000}
  serializedVersion: 6
  m_Component:
  - component: {fileID: 4873713918207230}
  m_Layer: 0
  m_Name: L_Finger0202
  m_TagString: Untagged
  m_Icon: {fileID: 0}
  m_NavMeshLayer: 0
  m_StaticEditorFlags: 0
  m_IsActive: 1
--- !u!1 &1612734773284240
GameObject:
  m_ObjectHideFlags: 1
  m_CorrespondingSourceObject: {fileID: 0}
  m_PrefabInternal: {fileID: 100100000}
  serializedVersion: 6
  m_Component:
  - component: {fileID: 4319659470692188}
  m_Layer: 0
  m_Name: Rig
  m_TagString: Untagged
  m_Icon: {fileID: 0}
  m_NavMeshLayer: 0
  m_StaticEditorFlags: 0
  m_IsActive: 1
--- !u!1 &1656815749323786
GameObject:
  m_ObjectHideFlags: 1
  m_CorrespondingSourceObject: {fileID: 0}
  m_PrefabInternal: {fileID: 100100000}
  serializedVersion: 6
  m_Component:
  - component: {fileID: 4697213242385214}
  m_Layer: 0
  m_Name: R_Arm05
  m_TagString: Untagged
  m_Icon: {fileID: 0}
  m_NavMeshLayer: 0
  m_StaticEditorFlags: 0
  m_IsActive: 1
--- !u!1 &1695138891247888
GameObject:
  m_ObjectHideFlags: 1
  m_CorrespondingSourceObject: {fileID: 0}
  m_PrefabInternal: {fileID: 100100000}
  serializedVersion: 6
  m_Component:
  - component: {fileID: 4684505860825626}
  m_Layer: 0
  m_Name: R_Finger0302
  m_TagString: Untagged
  m_Icon: {fileID: 0}
  m_NavMeshLayer: 0
  m_StaticEditorFlags: 0
  m_IsActive: 1
--- !u!1 &1712733982228578
GameObject:
  m_ObjectHideFlags: 1
  m_CorrespondingSourceObject: {fileID: 0}
  m_PrefabInternal: {fileID: 100100000}
  serializedVersion: 6
  m_Component:
  - component: {fileID: 4270112509142376}
  m_Layer: 0
  m_Name: L_Finger0303
  m_TagString: Untagged
  m_Icon: {fileID: 0}
  m_NavMeshLayer: 0
  m_StaticEditorFlags: 0
  m_IsActive: 1
--- !u!1 &1736100665040002
GameObject:
  m_ObjectHideFlags: 1
  m_CorrespondingSourceObject: {fileID: 0}
  m_PrefabInternal: {fileID: 100100000}
  serializedVersion: 6
  m_Component:
  - component: {fileID: 4878830361934874}
  m_Layer: 0
  m_Name: L_Arm02
  m_TagString: Untagged
  m_Icon: {fileID: 0}
  m_NavMeshLayer: 0
  m_StaticEditorFlags: 0
  m_IsActive: 1
--- !u!1 &1743891680104694
GameObject:
  m_ObjectHideFlags: 1
  m_CorrespondingSourceObject: {fileID: 0}
  m_PrefabInternal: {fileID: 100100000}
  serializedVersion: 6
  m_Component:
  - component: {fileID: 4601951675721956}
  m_Layer: 0
  m_Name: L_arm_ClavicleEND
  m_TagString: Untagged
  m_Icon: {fileID: 0}
  m_NavMeshLayer: 0
  m_StaticEditorFlags: 0
  m_IsActive: 1
--- !u!1 &1766634764620040
GameObject:
  m_ObjectHideFlags: 1
  m_CorrespondingSourceObject: {fileID: 0}
  m_PrefabInternal: {fileID: 100100000}
  serializedVersion: 6
  m_Component:
  - component: {fileID: 4801915825066472}
  m_Layer: 0
  m_Name: L_Finger0201
  m_TagString: Untagged
  m_Icon: {fileID: 0}
  m_NavMeshLayer: 0
  m_StaticEditorFlags: 0
  m_IsActive: 1
--- !u!1 &1821958462393448
GameObject:
  m_ObjectHideFlags: 1
  m_CorrespondingSourceObject: {fileID: 0}
  m_PrefabInternal: {fileID: 100100000}
  serializedVersion: 6
  m_Component:
  - component: {fileID: 4602081090546722}
  m_Layer: 0
  m_Name: R_Finger0202
  m_TagString: Untagged
  m_Icon: {fileID: 0}
  m_NavMeshLayer: 0
  m_StaticEditorFlags: 0
  m_IsActive: 1
--- !u!1 &1824292136831140
GameObject:
  m_ObjectHideFlags: 0
  m_CorrespondingSourceObject: {fileID: 0}
  m_PrefabInternal: {fileID: 100100000}
  serializedVersion: 6
  m_Component:
  - component: {fileID: 4347599132883090}
  m_Layer: 0
  m_Name: Scale_CNT
  m_TagString: Untagged
  m_Icon: {fileID: 0}
  m_NavMeshLayer: 0
  m_StaticEditorFlags: 0
  m_IsActive: 1
--- !u!1 &1851780488479970
GameObject:
  m_ObjectHideFlags: 1
  m_CorrespondingSourceObject: {fileID: 0}
  m_PrefabInternal: {fileID: 100100000}
  serializedVersion: 6
  m_Component:
  - component: {fileID: 4800836995657686}
  m_Layer: 0
  m_Name: R_Finger0301
  m_TagString: Untagged
  m_Icon: {fileID: 0}
  m_NavMeshLayer: 0
  m_StaticEditorFlags: 0
  m_IsActive: 1
--- !u!1 &1925012697376954
GameObject:
  m_ObjectHideFlags: 1
  m_CorrespondingSourceObject: {fileID: 0}
  m_PrefabInternal: {fileID: 100100000}
  serializedVersion: 6
  m_Component:
  - component: {fileID: 4761802829645726}
  m_Layer: 0
  m_Name: R_Finger0303
  m_TagString: Untagged
  m_Icon: {fileID: 0}
  m_NavMeshLayer: 0
  m_StaticEditorFlags: 0
  m_IsActive: 1
--- !u!1 &1952611686619576
GameObject:
  m_ObjectHideFlags: 1
  m_CorrespondingSourceObject: {fileID: 0}
  m_PrefabInternal: {fileID: 100100000}
  serializedVersion: 6
  m_Component:
  - component: {fileID: 4229589912117894}
  m_Layer: 0
  m_Name: R_Finger0201
  m_TagString: Untagged
  m_Icon: {fileID: 0}
  m_NavMeshLayer: 0
  m_StaticEditorFlags: 0
  m_IsActive: 1
--- !u!1 &1970414315378082
GameObject:
  m_ObjectHideFlags: 1
  m_CorrespondingSourceObject: {fileID: 0}
  m_PrefabInternal: {fileID: 100100000}
  serializedVersion: 6
  m_Component:
  - component: {fileID: 4380046346131548}
  m_Layer: 0
  m_Name: L_Arm05
  m_TagString: Untagged
  m_Icon: {fileID: 0}
  m_NavMeshLayer: 0
  m_StaticEditorFlags: 0
  m_IsActive: 1
--- !u!1 &1996438845345448
GameObject:
  m_ObjectHideFlags: 1
  m_CorrespondingSourceObject: {fileID: 0}
  m_PrefabInternal: {fileID: 100100000}
  serializedVersion: 6
  m_Component:
  - component: {fileID: 4002580625807802}
  m_Layer: 0
  m_Name: ScaleGRP
  m_TagString: Untagged
  m_Icon: {fileID: 0}
  m_NavMeshLayer: 0
  m_StaticEditorFlags: 0
  m_IsActive: 1
--- !u!4 &4002580625807802
Transform:
  m_ObjectHideFlags: 1
  m_CorrespondingSourceObject: {fileID: 0}
  m_PrefabInternal: {fileID: 100100000}
  m_GameObject: {fileID: 1996438845345448}
  m_LocalRotation: {x: 0, y: -0, z: -0, w: 1}
  m_LocalPosition: {x: -0, y: 0, z: 0}
  m_LocalScale: {x: 1, y: 1, z: 1}
  m_Children:
  - {fileID: 4319659470692188}
  m_Father: {fileID: 4347599132883090}
  m_RootOrder: 0
  m_LocalEulerAnglesHint: {x: 0, y: 0, z: 0}
--- !u!4 &4099328832613142
Transform:
  m_ObjectHideFlags: 1
  m_CorrespondingSourceObject: {fileID: 0}
  m_PrefabInternal: {fileID: 100100000}
  m_GameObject: {fileID: 1404158228710482}
  m_LocalRotation: {x: 0.4628055, y: -0.534613, z: 0.4628055, w: 0.534613}
  m_LocalPosition: {x: 1.0308666, y: -1.413513, z: -4.8238783}
  m_LocalScale: {x: 1, y: 1, z: 1}
  m_Children:
  - {fileID: 4601951675721956}
  m_Father: {fileID: 4182628706823896}
  m_RootOrder: 0
  m_LocalEulerAnglesHint: {x: 0, y: 0, z: 0}
--- !u!4 &4120287822333820
Transform:
  m_ObjectHideFlags: 1
  m_CorrespondingSourceObject: {fileID: 0}
  m_PrefabInternal: {fileID: 100100000}
  m_GameObject: {fileID: 1560114096916224}
  m_LocalRotation: {x: -0.57354647, y: 0.35590082, z: -0.3890253, w: 0.62692773}
  m_LocalPosition: {x: -0.8248562, y: 0.004857467, z: -0.12277593}
  m_LocalScale: {x: 1, y: 1, z: 1}
  m_Children: []
  m_Father: {fileID: 4873713918207230}
  m_RootOrder: 0
  m_LocalEulerAnglesHint: {x: -26.246601, y: 84.32065, z: -87.48175}
--- !u!4 &4121953690845480
Transform:
  m_ObjectHideFlags: 1
  m_CorrespondingSourceObject: {fileID: 0}
  m_PrefabInternal: {fileID: 100100000}
  m_GameObject: {fileID: 1210409137991032}
  m_LocalRotation: {x: 0, y: -0, z: -0, w: 1}
  m_LocalPosition: {x: -0, y: 0, z: 0}
  m_LocalScale: {x: 1, y: 1, z: 1}
  m_Children: []
  m_Father: {fileID: 4294468411776588}
  m_RootOrder: 0
  m_LocalEulerAnglesHint: {x: 0, y: 0, z: 0}
--- !u!4 &4124432886319642
Transform:
  m_ObjectHideFlags: 1
  m_CorrespondingSourceObject: {fileID: 0}
  m_PrefabInternal: {fileID: 100100000}
  m_GameObject: {fileID: 1315471939914318}
  m_LocalRotation: {x: 0.3174973, y: -0.19927572, z: 0.49284634, w: 0.78523064}
  m_LocalPosition: {x: -0.8690002, y: -0.71237266, z: -0.0054185526}
  m_LocalScale: {x: 1, y: 1, z: 1}
  m_Children:
  - {fileID: 4206328482080496}
  m_Father: {fileID: 4380046346131548}
  m_RootOrder: 2
  m_LocalEulerAnglesHint: {x: 44.03055, y: 0, z: 64.228485}
--- !u!4 &4126873718324628
Transform:
  m_ObjectHideFlags: 1
  m_CorrespondingSourceObject: {fileID: 0}
  m_PrefabInternal: {fileID: 100100000}
  m_GameObject: {fileID: 1519217771619000}
  m_LocalRotation: {x: 0, y: 0, z: 0.005565904, w: 0.9999845}
  m_LocalPosition: {x: -4.1070805, y: 7.3179803e-16, z: -9.088893e-16}
  m_LocalScale: {x: 1, y: 1, z: 1}
  m_Children:
  - {fileID: 4628841171884076}
  m_Father: {fileID: 4220713779448922}
  m_RootOrder: 0
  m_LocalEulerAnglesHint: {x: 0, y: 0, z: 0.6378072}
--- !u!4 &4154765182833924
Transform:
  m_ObjectHideFlags: 1
  m_CorrespondingSourceObject: {fileID: 0}
  m_PrefabInternal: {fileID: 100100000}
  m_GameObject: {fileID: 1453725526767632}
  m_LocalRotation: {x: 0, y: -0, z: -0, w: 1}
  m_LocalPosition: {x: 0.00000030517577, y: -2.1010964, z: 0.27422896}
  m_LocalScale: {x: 1, y: 1, z: 1}
  m_Children: []
  m_Father: {fileID: 4546621518596556}
  m_RootOrder: 0
  m_LocalEulerAnglesHint: {x: 0, y: 0, z: 0}
--- !u!4 &4182628706823896
Transform:
  m_ObjectHideFlags: 1
  m_CorrespondingSourceObject: {fileID: 0}
  m_PrefabInternal: {fileID: 100100000}
  m_GameObject: {fileID: 1580875314558516}
  m_LocalRotation: {x: 0.97764593, y: -0.21025789, z: 1.7679948e-17, w: 6.643477e-17}
  m_LocalPosition: {x: -1.8341484, y: 6.3948843e-16, z: -3.2802733e-16}
  m_LocalScale: {x: 1, y: 1, z: 1}
  m_Children:
  - {fileID: 4099328832613142}
  - {fileID: 4983644417000902}
  - {fileID: 4676719189505398}
  m_Father: {fileID: 4877888576731262}
  m_RootOrder: 0
  m_LocalEulerAnglesHint: {x: 7.79339e-15, y: 180, z: -154.86238}
--- !u!4 &4184326797585510
Transform:
  m_ObjectHideFlags: 1
  m_CorrespondingSourceObject: {fileID: 0}
  m_PrefabInternal: {fileID: 100100000}
  m_GameObject: {fileID: 1032244949025786}
  m_LocalRotation: {x: 0.39264157, y: 0.6134865, z: -0.58807534, w: -0.3516167}
  m_LocalPosition: {x: -0.83393985, y: 5.8777273e-16, z: 2.1008511e-16}
  m_LocalScale: {x: 1, y: 1, z: 1}
  m_Children: []
  m_Father: {fileID: 4602081090546722}
  m_RootOrder: 0
  m_LocalEulerAnglesHint: {x: 26.451107, y: -93.91097, z: 89.99999}
--- !u!4 &4206328482080496
Transform:
  m_ObjectHideFlags: 1
  m_CorrespondingSourceObject: {fileID: 0}
  m_PrefabInternal: {fileID: 100100000}
  m_GameObject: {fileID: 1000956212456528}
  m_LocalRotation: {x: 0.15343729, y: -0.31368858, z: -0.0048007867, w: 0.9370344}
  m_LocalPosition: {x: -1.1569566, y: -0.211683, z: -0.22591758}
  m_LocalScale: {x: 1, y: 1, z: 1}
  m_Children:
  - {fileID: 4270112509142376}
  m_Father: {fileID: 4124432886319642}
  m_RootOrder: 0
  m_LocalEulerAnglesHint: {x: 16.531359, y: -37.93439, z: -6.30371}
--- !u!4 &4220713779448922
Transform:
  m_ObjectHideFlags: 1
  m_CorrespondingSourceObject: {fileID: 0}
  m_PrefabInternal: {fileID: 100100000}
  m_GameObject: {fileID: 1487171418418968}
  m_LocalRotation: {x: -0.004498487, y: -0.049484007, z: 0.090422735, w: 0.9946632}
  m_LocalPosition: {x: -3.0749583, y: -5.6327924e-16, z: 6.4880495e-16}
  m_LocalScale: {x: 1, y: 1, z: 1}
  m_Children:
  - {fileID: 4126873718324628}
  m_Father: {fileID: 4964632677484372}
  m_RootOrder: 0
  m_LocalEulerAnglesHint: {x: 0, y: -5.696179, z: 10.3887205}
--- !u!4 &4229589912117894
Transform:
  m_ObjectHideFlags: 1
  m_CorrespondingSourceObject: {fileID: 0}
  m_PrefabInternal: {fileID: 100100000}
  m_GameObject: {fileID: 1952611686619576}
  m_LocalRotation: {x: -0.28974816, y: 0.014815939, z: -0.41188693, w: 0.86381465}
  m_LocalPosition: {x: -0.52274317, y: 0.35778964, z: -0.37220064}
  m_LocalScale: {x: 1, y: 1, z: 1}
  m_Children:
  - {fileID: 4602081090546722}
  m_Father: {fileID: 4697213242385214}
  m_RootOrder: 1
  m_LocalEulerAnglesHint: {x: -29.23366, y: 17.62926, z: -55.617485}
--- !u!4 &4232106509316542
Transform:
  m_ObjectHideFlags: 1
  m_CorrespondingSourceObject: {fileID: 0}
  m_PrefabInternal: {fileID: 100100000}
  m_GameObject: {fileID: 1556302873033832}
  m_LocalRotation: {x: 0.15343729, y: -0.31368858, z: -0.0048007867, w: 0.9370344}
  m_LocalPosition: {x: -1.2595592, y: -0.14758337, z: -0.2593074}
  m_LocalScale: {x: 1, y: 1, z: 1}
  m_Children:
  - {fileID: 4768445843681358}
  m_Father: {fileID: 4966165382964458}
  m_RootOrder: 0
  m_LocalEulerAnglesHint: {x: 16.531359, y: -37.93439, z: -6.30371}
--- !u!4 &4242814243167266
Transform:
  m_ObjectHideFlags: 1
  m_CorrespondingSourceObject: {fileID: 0}
  m_PrefabInternal: {fileID: 100100000}
  m_GameObject: {fileID: 1355049315660006}
  m_LocalRotation: {x: 7.2709325e-18, y: -1.8272408e-16, z: 0.030213745, w: 0.9995435}
  m_LocalPosition: {x: -1.5401286, y: 1.1368684e-15, z: -4.8996997e-16}
  m_LocalScale: {x: 1, y: 1, z: 1}
  m_Children:
  - {fileID: 4438966860354056}
  m_Father: {fileID: 4924811787664262}
  m_RootOrder: 0
  m_LocalEulerAnglesHint: {x: 1.3984031e-15, y: -1.9947626e-14, z: 4.5639057}
--- !u!4 &4270112509142376
Transform:
  m_ObjectHideFlags: 1
  m_CorrespondingSourceObject: {fileID: 0}
  m_PrefabInternal: {fileID: 100100000}
  m_GameObject: {fileID: 1712733982228578}
  m_LocalRotation: {x: -0.57354647, y: 0.35590082, z: -0.3890253, w: 0.62692773}
  m_LocalPosition: {x: -0.8201715, y: 0.007178774, z: -0.18144861}
  m_LocalScale: {x: 1, y: 1, z: 1}
  m_Children: []
  m_Father: {fileID: 4206328482080496}
  m_RootOrder: 0
  m_LocalEulerAnglesHint: {x: -26.246601, y: 84.32065, z: -87.48175}
--- !u!4 &4294468411776588
Transform:
  m_ObjectHideFlags: 1
  m_CorrespondingSourceObject: {fileID: 0}
  m_PrefabInternal: {fileID: 100100000}
  m_GameObject: {fileID: 1483968202729860}
  m_LocalRotation: {x: 0, y: -0, z: -0, w: 1}
  m_LocalPosition: {x: -0, y: 0, z: 0}
  m_LocalScale: {x: 1, y: 1, z: 1}
  m_Children:
  - {fileID: 4121953690845480}
  m_Father: {fileID: 4528178366357348}
  m_RootOrder: 0
  m_LocalEulerAnglesHint: {x: 0, y: 0, z: 0}
--- !u!4 &4314845134209574
Transform:
  m_ObjectHideFlags: 1
  m_CorrespondingSourceObject: {fileID: 0}
  m_PrefabInternal: {fileID: 100100000}
  m_GameObject: {fileID: 1395280648131992}
  m_LocalRotation: {x: 0.00038953708, y: -0.02542871, z: 0.015312038, w: 0.9995593}
  m_LocalPosition: {x: -3.0938187, y: -3.7773638e-14, z: -1.7253112e-17}
  m_LocalScale: {x: 1, y: 1, z: 1}
  m_Children:
  - {fileID: 4697213242385214}
  m_Father: {fileID: 4628841171884076}
  m_RootOrder: 0
  m_LocalEulerAnglesHint: {x: 0.089235336, y: -2.9132068, z: 1.7529957}
--- !u!4 &4319659470692188
Transform:
  m_ObjectHideFlags: 1
  m_CorrespondingSourceObject: {fileID: 0}
  m_PrefabInternal: {fileID: 100100000}
  m_GameObject: {fileID: 1612734773284240}
  m_LocalRotation: {x: 0, y: -0, z: -0, w: 1}
  m_LocalPosition: {x: -0, y: 0, z: 0}
  m_LocalScale: {x: 1, y: 1, z: 1}
  m_Children:
  - {fileID: 4755248332724028}
  m_Father: {fileID: 4002580625807802}
  m_RootOrder: 0
  m_LocalEulerAnglesHint: {x: 0, y: 0, z: 0}
--- !u!4 &4347599132883090
Transform:
  m_ObjectHideFlags: 1
  m_CorrespondingSourceObject: {fileID: 0}
  m_PrefabInternal: {fileID: 100100000}
  m_GameObject: {fileID: 1824292136831140}
  m_LocalRotation: {x: 0, y: -0, z: -0, w: 1}
  m_LocalPosition: {x: -0, y: 0, z: 0}
  m_LocalScale: {x: 0.66518337, y: 0.66518337, z: 0.66518337}
  m_Children:
  - {fileID: 4002580625807802}
  m_Father: {fileID: 4528178366357348}
  m_RootOrder: 1
  m_LocalEulerAnglesHint: {x: 0, y: 0, z: 0}
--- !u!4 &4347726713687676
Transform:
  m_ObjectHideFlags: 1
  m_CorrespondingSourceObject: {fileID: 0}
  m_PrefabInternal: {fileID: 100100000}
  m_GameObject: {fileID: 1131546248043858}
  m_LocalRotation: {x: 0.3886904, y: 0.61107725, z: -0.5906943, w: -0.3557873}
  m_LocalPosition: {x: -0.8332014, y: -3.1092163e-15, z: 2.1292446e-16}
  m_LocalScale: {x: 1, y: 1, z: 1}
  m_Children: []
  m_Father: {fileID: 4368351815769222}
  m_RootOrder: 0
  m_LocalEulerAnglesHint: {x: 26.444931, y: -93.1366, z: 90}
--- !u!4 &4360553663093154
Transform:
  m_ObjectHideFlags: 1
  m_CorrespondingSourceObject: {fileID: 0}
  m_PrefabInternal: {fileID: 100100000}
  m_GameObject: {fileID: 1533270508648400}
  m_LocalRotation: {x: -0.27529645, y: 0.032971274, z: -0.40913412, w: 0.86932963}
  m_LocalPosition: {x: -0.81640273, y: 4.3483146e-16, z: 9.974907e-16}
  m_LocalScale: {x: 1, y: 1, z: 1}
  m_Children:
  - {fileID: 4368351815769222}
  m_Father: {fileID: 4697213242385214}
  m_RootOrder: 0
  m_LocalEulerAnglesHint: {x: -26.85071, y: 18.465958, z: -54.850502}
--- !u!4 &4368351815769222
Transform:
  m_ObjectHideFlags: 1
  m_CorrespondingSourceObject: {fileID: 0}
  m_PrefabInternal: {fileID: 100100000}
  m_GameObject: {fileID: 1487834005396726}
  m_LocalRotation: {x: -0.009281898, y: 0.29966387, z: -0.036378488, w: 0.9533059}
  m_LocalPosition: {x: -1.2944324, y: -3.5096268e-15, z: -1.2701118e-15}
  m_LocalScale: {x: 1, y: 1, z: 1}
  m_Children:
  - {fileID: 4347726713687676}
  m_Father: {fileID: 4360553663093154}
  m_RootOrder: 0
  m_LocalEulerAnglesHint: {x: 0.23523945, y: 34.89139, z: -4.29681}
--- !u!4 &4380046346131548
Transform:
  m_ObjectHideFlags: 1
  m_CorrespondingSourceObject: {fileID: 0}
  m_PrefabInternal: {fileID: 100100000}
  m_GameObject: {fileID: 1970414315378082}
  m_LocalRotation: {x: -0.6015924, y: 0.3284201, z: -0.34891245, w: 0.6391298}
  m_LocalPosition: {x: -2.8234682, y: -1.8038143e-15, z: 5.3009977e-15}
  m_LocalScale: {x: 1, y: 1, z: 1}
  m_Children:
  - {fileID: 4966165382964458}
  - {fileID: 4801915825066472}
  - {fileID: 4124432886319642}
  m_Father: {fileID: 4504073072351588}
  m_RootOrder: 0
  m_LocalEulerAnglesHint: {x: -32.670807, y: 85.88171, z: -87.77418}
--- !u!4 &4438966860354056
Transform:
  m_ObjectHideFlags: 1
  m_CorrespondingSourceObject: {fileID: 0}
  m_PrefabInternal: {fileID: 100100000}
  m_GameObject: {fileID: 1464455840185500}
  m_LocalRotation: {x: 2.2675388e-18, y: -6.677323e-17, z: 0.026885198, w: 0.99963856}
  m_LocalPosition: {x: -0.6595682, y: 4.973799e-16, z: -2.4063814e-16}
  m_LocalScale: {x: 1, y: 1, z: 1}
  m_Children:
  - {fileID: 4451879261886858}
  m_Father: {fileID: 4242814243167266}
  m_RootOrder: 0
  m_LocalEulerAnglesHint: {x: 4.4416957e-16, y: -7.292308e-15, z: 2.4217377}
--- !u!4 &4451879261886858
Transform:
  m_ObjectHideFlags: 1
  m_CorrespondingSourceObject: {fileID: 0}
  m_PrefabInternal: {fileID: 100100000}
  m_GameObject: {fileID: 1215050782884926}
  m_LocalRotation: {x: 0.112901434, y: -0.6980353, z: 0.112901434, w: 0.6980353}
  m_LocalPosition: {x: -2.22419, y: -0.72316, z: -8.2251066e-16}
  m_LocalScale: {x: 1, y: 1, z: 1}
  m_Children:
  - {fileID: 4546621518596556}
  m_Father: {fileID: 4438966860354056}
  m_RootOrder: 0
  m_LocalEulerAnglesHint: {x: 20.24948, y: -90, z: 0}
--- !u!4 &4504073072351588
Transform:
  m_ObjectHideFlags: 1
  m_CorrespondingSourceObject: {fileID: 0}
  m_PrefabInternal: {fileID: 100100000}
  m_GameObject: {fileID: 1350161699633542}
  m_LocalRotation: {x: -0.01675262, y: 0.02517641, z: 0.015737003, w: 0.99941874}
  m_LocalPosition: {x: -3.0938966, y: 6.065071e-14, z: -1.1596036e-15}
  m_LocalScale: {x: 1, y: 1, z: 1}
  m_Children:
  - {fileID: 4380046346131548}
  m_Father: {fileID: 4611526520389870}
  m_RootOrder: 0
  m_LocalEulerAnglesHint: {x: -1.9643807, y: 2.8559754, z: 1.7552526}
--- !u!4 &4528178366357348
Transform:
  m_ObjectHideFlags: 1
  m_CorrespondingSourceObject: {fileID: 0}
  m_PrefabInternal: {fileID: 100100000}
  m_GameObject: {fileID: 1293182322313922}
  m_LocalRotation: {x: 0, y: 1, z: 0, w: 0}
  m_LocalPosition: {x: 29.5, y: 2, z: 49.7}
  m_LocalScale: {x: 1, y: 1, z: 1}
  m_Children:
  - {fileID: 4294468411776588}
  - {fileID: 4347599132883090}
  - {fileID: 4609553596710956}
  m_Father: {fileID: 0}
  m_RootOrder: 0
  m_LocalEulerAnglesHint: {x: 0, y: 180, z: 0}
--- !u!4 &4546621518596556
Transform:
  m_ObjectHideFlags: 1
  m_CorrespondingSourceObject: {fileID: 0}
  m_PrefabInternal: {fileID: 100100000}
  m_GameObject: {fileID: 1372247165913002}
  m_LocalRotation: {x: -0.063780546, y: 0, z: -0, w: 0.99796396}
  m_LocalPosition: {x: -0.00000030517577, y: -1.77869, z: 1.00091}
  m_LocalScale: {x: 1, y: 1, z: 1}
  m_Children:
  - {fileID: 4154765182833924}
  m_Father: {fileID: 4451879261886858}
  m_RootOrder: 0
  m_LocalEulerAnglesHint: {x: -8.146572, y: 0, z: 0}
--- !u!4 &4601951675721956
Transform:
  m_ObjectHideFlags: 1
  m_CorrespondingSourceObject: {fileID: 0}
  m_PrefabInternal: {fileID: 100100000}
  m_GameObject: {fileID: 1743891680104694}
  m_LocalRotation: {x: 0.1391663, y: 0.49611616, z: 0.8101446, w: 0.27958402}
  m_LocalPosition: {x: -5.684342e-16, y: 0, z: 0}
  m_LocalScale: {x: 1, y: 1, z: 1}
  m_Children:
  - {fileID: 4994679048742690}
  m_Father: {fileID: 4099328832613142}
  m_RootOrder: 0
  m_LocalEulerAnglesHint: {x: -46.55496, y: 46.997593, z: 120.731384}
--- !u!4 &4602081090546722
Transform:
  m_ObjectHideFlags: 1
  m_CorrespondingSourceObject: {fileID: 0}
  m_PrefabInternal: {fileID: 100100000}
  m_GameObject: {fileID: 1821958462393448}
  m_LocalRotation: {x: -0.0066596423, y: 0.32590243, z: -0.024654822, w: 0.94505847}
  m_LocalPosition: {x: -1.1693854, y: -2.595566e-16, z: -1.2385142e-16}
  m_LocalScale: {x: 1, y: 1, z: 1}
  m_Children:
  - {fileID: 4184326797585510}
  m_Father: {fileID: 4229589912117894}
  m_RootOrder: 0
  m_LocalEulerAnglesHint: {x: 0.19954011, y: 38.04831, z: -2.9200008}
--- !u!4 &4609553596710956
Transform:
  m_ObjectHideFlags: 1
  m_CorrespondingSourceObject: {fileID: 0}
  m_PrefabInternal: {fileID: 100100000}
  m_GameObject: {fileID: 1491478011664112}
  m_LocalRotation: {x: -0, y: -1, z: -0, w: 0}
  m_LocalPosition: {x: -0.1, y: 1.6, z: -0.1}
  m_LocalScale: {x: 1, y: 1, z: 1}
  m_Children: []
  m_Father: {fileID: 4528178366357348}
  m_RootOrder: 2
  m_LocalEulerAnglesHint: {x: 0, y: 0, z: 0}
--- !u!4 &4611526520389870
Transform:
  m_ObjectHideFlags: 1
  m_CorrespondingSourceObject: {fileID: 0}
  m_PrefabInternal: {fileID: 100100000}
  m_GameObject: {fileID: 1224908323856042}
  m_LocalRotation: {x: -2.9024881e-11, y: -0.00000009863799, z: -0.00029425664, w: 1}
  m_LocalPosition: {x: -3.0965383, y: -1.7053025e-14, z: -1.1368684e-15}
  m_LocalScale: {x: 1, y: 1, z: 1}
  m_Children:
  - {fileID: 4504073072351588}
  m_Father: {fileID: 4878830361934874}
  m_RootOrder: 0
  m_LocalEulerAnglesHint: {x: -0.000000004934893, y: -0.000012324187, z: -0.03371999}
--- !u!4 &4628841171884076
Transform:
  m_ObjectHideFlags: 1
  m_CorrespondingSourceObject: {fileID: 0}
  m_PrefabInternal: {fileID: 100100000}
  m_GameObject: {fileID: 1309986633555596}
  m_LocalRotation: {x: 0, y: -0, z: -0.00027934244, w: 1}
  m_LocalPosition: {x: -3.0965614, y: -3.0241736e-14, z: -2.414675e-15}
  m_LocalScale: {x: 1, y: 1, z: 1}
  m_Children:
  - {fileID: 4314845134209574}
  m_Father: {fileID: 4126873718324628}
  m_RootOrder: 0
  m_LocalEulerAnglesHint: {x: 0, y: 0, z: -0.03201097}
--- !u!4 &4676719189505398
Transform:
  m_ObjectHideFlags: 1
  m_CorrespondingSourceObject: {fileID: 0}
  m_PrefabInternal: {fileID: 100100000}
  m_GameObject: {fileID: 1598870165329442}
  m_LocalRotation: {x: 1.3361587e-19, y: -6.402553e-17, z: 0.1882278, w: 0.9821254}
  m_LocalPosition: {x: -2.4091513, y: 9.947598e-16, z: 1.3436943e-16}
  m_LocalScale: {x: 1, y: 1, z: 1}
  m_Children:
  - {fileID: 4924811787664262}
  m_Father: {fileID: 4182628706823896}
  m_RootOrder: 2
  m_LocalEulerAnglesHint: {x: 1.3321614e-15, y: -6.8732616e-15, z: 23.17363}
--- !u!4 &4684505860825626
Transform:
  m_ObjectHideFlags: 1
  m_CorrespondingSourceObject: {fileID: 0}
  m_PrefabInternal: {fileID: 100100000}
  m_GameObject: {fileID: 1695138891247888}
  m_LocalRotation: {x: -0.01583322, y: 0.35143352, z: -0.070203595, w: 0.9334427}
  m_LocalPosition: {x: -1.1976271, y: -1.5835248e-15, z: -4.9057777e-16}
  m_LocalScale: {x: 1, y: 1, z: 1}
  m_Children:
  - {fileID: 4761802829645726}
  m_Father: {fileID: 4800836995657686}
  m_RootOrder: 0
  m_LocalEulerAnglesHint: {x: 1.1336693, y: 41.18085, z: -8.176242}
--- !u!4 &4697213242385214
Transform:
  m_ObjectHideFlags: 1
  m_CorrespondingSourceObject: {fileID: 0}
  m_PrefabInternal: {fileID: 100100000}
  m_GameObject: {fileID: 1656815749323786}
  m_LocalRotation: {x: 0.190942, y: -0.23434944, z: 0.53887093, w: 0.7862822}
  m_LocalPosition: {x: -2.823572, y: -2.2980351e-15, z: -2.4722454e-15}
  m_LocalScale: {x: 1, y: 1, z: 1}
  m_Children:
  - {fileID: 4360553663093154}
  - {fileID: 4229589912117894}
  - {fileID: 4800836995657686}
  m_Father: {fileID: 4314845134209574}
  m_RootOrder: 0
  m_LocalEulerAnglesHint: {x: 33.561844, y: -11.262388, z: 65.44263}
--- !u!4 &4755248332724028
Transform:
  m_ObjectHideFlags: 1
  m_CorrespondingSourceObject: {fileID: 0}
  m_PrefabInternal: {fileID: 100100000}
  m_GameObject: {fileID: 1185578055461828}
  m_LocalRotation: {x: 0.39689225, y: -0.585215, z: -0.39689225, w: 0.585215}
  m_LocalPosition: {x: -0, y: 0, z: 0}
  m_LocalScale: {x: 1, y: 1, z: 1}
  m_Children:
  - {fileID: 4877888576731262}
  m_Father: {fileID: 4319659470692188}
  m_RootOrder: 0
  m_LocalEulerAnglesHint: {x: 0, y: 0, z: 0}
--- !u!4 &4761802829645726
Transform:
  m_ObjectHideFlags: 1
  m_CorrespondingSourceObject: {fileID: 0}
  m_PrefabInternal: {fileID: 100100000}
  m_GameObject: {fileID: 1925012697376954}
  m_LocalRotation: {x: 0.41299403, y: 0.62540555, z: -0.5739651, w: -0.32995147}
  m_LocalPosition: {x: -0.84010375, y: 2.4609375e-15, z: 1.8961006e-15}
  m_LocalScale: {x: 1, y: 1, z: 1}
  m_Children: []
  m_Father: {fileID: 4684505860825626}
  m_RootOrder: 0
  m_LocalEulerAnglesHint: {x: 26.448027, y: -97.9215, z: 90}
--- !u!4 &4768445843681358
Transform:
  m_ObjectHideFlags: 1
  m_CorrespondingSourceObject: {fileID: 0}
  m_PrefabInternal: {fileID: 100100000}
  m_GameObject: {fileID: 1118758928568086}
  m_LocalRotation: {x: -0.57354647, y: 0.35590082, z: -0.3890253, w: 0.62692773}
  m_LocalPosition: {x: -0.8257539, y: 0.004412654, z: -0.11153296}
  m_LocalScale: {x: 1, y: 1, z: 1}
  m_Children: []
  m_Father: {fileID: 4232106509316542}
  m_RootOrder: 0
  m_LocalEulerAnglesHint: {x: -26.246601, y: 84.32065, z: -87.48175}
--- !u!4 &4800836995657686
Transform:
  m_ObjectHideFlags: 1
  m_CorrespondingSourceObject: {fileID: 0}
  m_PrefabInternal: {fileID: 100100000}
  m_GameObject: {fileID: 1851780488479970}
  m_LocalRotation: {x: -0.2636653, y: 0.021404365, z: -0.38043994, w: 0.8861648}
  m_LocalPosition: {x: -0.0012446928, y: 0.6977024, z: -0.8808354}
  m_LocalScale: {x: 1, y: 1, z: 1}
  m_Children:
  - {fileID: 4684505860825626}
  m_Father: {fileID: 4697213242385214}
  m_RootOrder: 2
  m_LocalEulerAnglesHint: {x: -26.808865, y: 15.502574, z: -50.18462}
--- !u!4 &4801915825066472
Transform:
  m_ObjectHideFlags: 1
  m_CorrespondingSourceObject: {fileID: 0}
  m_PrefabInternal: {fileID: 100100000}
  m_GameObject: {fileID: 1766634764620040}
  m_LocalRotation: {x: 0.3174973, y: -0.19927572, z: 0.49284634, w: 0.78523064}
  m_LocalPosition: {x: -0.22344469, y: -0.69027853, z: -0.39960587}
  m_LocalScale: {x: 1, y: 1, z: 1}
  m_Children:
  - {fileID: 4873713918207230}
  m_Father: {fileID: 4380046346131548}
  m_RootOrder: 1
  m_LocalEulerAnglesHint: {x: 44.03055, y: 0, z: 64.228485}
--- !u!4 &4873713918207230
Transform:
  m_ObjectHideFlags: 1
  m_CorrespondingSourceObject: {fileID: 0}
  m_PrefabInternal: {fileID: 100100000}
  m_GameObject: {fileID: 1611958824515152}
  m_LocalRotation: {x: 0.15343729, y: -0.31368858, z: -0.0048007867, w: 0.9370344}
  m_LocalPosition: {x: -1.14829, y: -0.12550393, z: -0.18182322}
  m_LocalScale: {x: 1, y: 1, z: 1}
  m_Children:
  - {fileID: 4120287822333820}
  m_Father: {fileID: 4801915825066472}
  m_RootOrder: 0
  m_LocalEulerAnglesHint: {x: 16.531359, y: -37.93439, z: -6.30371}
--- !u!4 &4877888576731262
Transform:
  m_ObjectHideFlags: 1
  m_CorrespondingSourceObject: {fileID: 0}
  m_PrefabInternal: {fileID: 100100000}
  m_GameObject: {fileID: 1055863058595172}
  m_LocalRotation: {x: 4.0540267e-18, y: -8.959866e-17, z: -0.12224575, w: 0.9924999}
  m_LocalPosition: {x: -4.6720285, y: 0, z: -2.276738e-16}
  m_LocalScale: {x: 1, y: 1, z: 1}
  m_Children:
  - {fileID: 4182628706823896}
  m_Father: {fileID: 4755248332724028}
  m_RootOrder: 0
  m_LocalEulerAnglesHint: {x: -7.577296e-16, y: -9.778268e-15, z: -12.302633}
--- !u!4 &4878830361934874
Transform:
  m_ObjectHideFlags: 1
  m_CorrespondingSourceObject: {fileID: 0}
  m_PrefabInternal: {fileID: 100100000}
  m_GameObject: {fileID: 1736100665040002}
  m_LocalRotation: {x: 0, y: 0, z: 0.005571714, w: 0.9999845}
  m_LocalPosition: {x: -4.107074, y: -1.130721e-15, z: -2.5189325e-18}
  m_LocalScale: {x: 1, y: 1, z: 1}
  m_Children:
  - {fileID: 4611526520389870}
  m_Father: {fileID: 4994679048742690}
  m_RootOrder: 0
  m_LocalEulerAnglesHint: {x: 0, y: 0, z: 0.6384744}
--- !u!4 &4924811787664262
Transform:
  m_ObjectHideFlags: 1
  m_CorrespondingSourceObject: {fileID: 0}
  m_PrefabInternal: {fileID: 100100000}
  m_GameObject: {fileID: 1017848815933514}
  m_LocalRotation: {x: 1.6308016e-17, y: -1.6258899e-16, z: 0.13056646, w: 0.9914396}
  m_LocalPosition: {x: -1.5604445, y: 8.5265126e-16, z: -1.9616645e-16}
  m_LocalScale: {x: 1, y: 1, z: 1}
  m_Children:
  - {fileID: 4242814243167266}
  m_Father: {fileID: 4676719189505398}
  m_RootOrder: 0
  m_LocalEulerAnglesHint: {x: 4.0893484e-15, y: -1.7393977e-14, z: 20.584106}
--- !u!4 &4964632677484372
Transform:
  m_ObjectHideFlags: 1
  m_CorrespondingSourceObject: {fileID: 0}
  m_PrefabInternal: {fileID: 100100000}
  m_GameObject: {fileID: 1290136954900714}
  m_LocalRotation: {x: -0.42162776, y: 0.04592059, z: -0.31696746, w: 0.84832364}
  m_LocalPosition: {x: -0, y: 0, z: 7.105427e-16}
  m_LocalScale: {x: 1, y: 1, z: 1}
  m_Children:
  - {fileID: 4220713779448922}
  m_Father: {fileID: 4983644417000902}
  m_RootOrder: 0
  m_LocalEulerAnglesHint: {x: -43.33343, y: 28.331936, z: -52.427776}
--- !u!4 &4966165382964458
Transform:
  m_ObjectHideFlags: 1
  m_CorrespondingSourceObject: {fileID: 0}
  m_PrefabInternal: {fileID: 100100000}
  m_GameObject: {fileID: 1378676197294082}
  m_LocalRotation: {x: 0.3174973, y: -0.19927572, z: 0.49284634, w: 0.78523064}
  m_LocalPosition: {x: 0.39645252, y: -0.48110557, z: -0.52709985}
  m_LocalScale: {x: 1, y: 1, z: 1}
  m_Children:
  - {fileID: 4232106509316542}
  m_Father: {fileID: 4380046346131548}
  m_RootOrder: 0
  m_LocalEulerAnglesHint: {x: 44.03055, y: 0, z: 64.228485}
--- !u!4 &4983644417000902
Transform:
  m_ObjectHideFlags: 1
  m_CorrespondingSourceObject: {fileID: 0}
  m_PrefabInternal: {fileID: 100100000}
  m_GameObject: {fileID: 1037742974639052}
  m_LocalRotation: {x: 0.534613, y: 0.4628055, z: 0.534613, w: -0.4628055}
  m_LocalPosition: {x: 1.0308704, y: -1.4135134, z: 4.8238797}
  m_LocalScale: {x: 1, y: 1, z: 1}
  m_Children:
  - {fileID: 4964632677484372}
  m_Father: {fileID: 4182628706823896}
  m_RootOrder: 1
  m_LocalEulerAnglesHint: {x: 0, y: 0, z: 0}
--- !u!4 &4994679048742690
Transform:
  m_ObjectHideFlags: 1
  m_CorrespondingSourceObject: {fileID: 0}
  m_PrefabInternal: {fileID: 100100000}
  m_GameObject: {fileID: 1494867555382192}
  m_LocalRotation: {x: -0.045609508, y: 0.053975794, z: 0.08781618, w: 0.9936271}
  m_LocalPosition: {x: -3.0749655, y: -6.218946e-17, z: 2.3477284e-16}
  m_LocalScale: {x: 1, y: 1, z: 1}
  m_Children:
  - {fileID: 4878830361934874}
  m_Father: {fileID: 4601951675721956}
  m_RootOrder: 0
  m_LocalEulerAnglesHint: {x: -5.7459407, y: 5.7250223, z: 9.81374}
--- !u!95 &95944886072049228
Animator:
  serializedVersion: 3
  m_ObjectHideFlags: 1
  m_CorrespondingSourceObject: {fileID: 0}
  m_PrefabInternal: {fileID: 100100000}
  m_GameObject: {fileID: 1293182322313922}
  m_Enabled: 1
  m_Avatar: {fileID: 9000000, guid: 7fd3007880bd2af4cb906a074bd028b8, type: 3}
  m_Controller: {fileID: 9100000, guid: d57ec4e593b84dc4ba5ee8fba12a1dfe, type: 2}
  m_CullingMode: 1
  m_UpdateMode: 0
  m_ApplyRootMotion: 1
  m_LinearVelocityBlending: 0
  m_WarningMessage: 
  m_HasTransformHierarchy: 1
  m_AllowConstantClipSamplingOptimization: 1
  m_KeepAnimatorControllerStateOnDisable: 0
--- !u!114 &114117131103205986
MonoBehaviour:
  m_ObjectHideFlags: 1
  m_CorrespondingSourceObject: {fileID: 0}
  m_PrefabInternal: {fileID: 100100000}
  m_GameObject: {fileID: 1293182322313922}
  m_Enabled: 1
  m_EditorHideFlags: 0
  m_Script: {fileID: 11500000, guid: 165d3bff6b99ac948a2168ca931a7601, type: 3}
  m_Name: 
  m_EditorClassIdentifier: 
  healthSlider: {fileID: 0}
  bossMoveSpeed: 1
  fadeDuration: 3
  invisDuration: 1
  spawnDuration: 3
  healthAnimDuration: 1
  spawnRadius: 5
  sizeMultiplier: 0.5
  phase: 0
  initPos: {x: 0, y: 0, z: 0}
--- !u!135 &135902000219091358
SphereCollider:
  m_ObjectHideFlags: 1
  m_CorrespondingSourceObject: {fileID: 0}
  m_PrefabInternal: {fileID: 100100000}
  m_GameObject: {fileID: 1293182322313922}
  m_Material: {fileID: 0}
  m_IsTrigger: 0
  m_Enabled: 1
  serializedVersion: 2
  m_Radius: 4.66
  m_Center: {x: 0, y: 1.17, z: 6.95}
--- !u!136 &136858097425358376
CapsuleCollider:
  m_ObjectHideFlags: 1
  m_CorrespondingSourceObject: {fileID: 0}
  m_PrefabInternal: {fileID: 100100000}
  m_GameObject: {fileID: 1491478011664112}
  m_Material: {fileID: 0}
  m_IsTrigger: 1
  m_Enabled: 1
  m_Radius: 5.27
  m_Height: 1.43
  m_Direction: 1
  m_Center: {x: 0, y: -0.34, z: 0}
--- !u!137 &137866806458070950
SkinnedMeshRenderer:
  m_ObjectHideFlags: 1
  m_CorrespondingSourceObject: {fileID: 0}
  m_PrefabInternal: {fileID: 100100000}
  m_GameObject: {fileID: 1210409137991032}
  m_Enabled: 1
  m_CastShadows: 1
  m_ReceiveShadows: 1
  m_DynamicOccludee: 1
  m_MotionVectors: 1
  m_LightProbeUsage: 1
  m_ReflectionProbeUsage: 1
  m_RenderingLayerMask: 4294967295
  m_Materials:
  - {fileID: 2100000, guid: 7fd3007880bd2af4cb906a074bd028b8, type: 3}
  - {fileID: 2100002, guid: 7fd3007880bd2af4cb906a074bd028b8, type: 3}
  m_StaticBatchInfo:
    firstSubMesh: 0
    subMeshCount: 0
  m_StaticBatchRoot: {fileID: 0}
  m_ProbeAnchor: {fileID: 0}
  m_LightProbeVolumeOverride: {fileID: 0}
  m_ScaleInLightmap: 1
  m_PreserveUVs: 0
  m_IgnoreNormalsForChartDetection: 0
  m_ImportantGI: 0
  m_StitchLightmapSeams: 0
  m_SelectedEditorRenderState: 3
  m_MinimumChartSize: 4
  m_AutoUVMaxDistance: 0.5
  m_AutoUVMaxAngle: 89
  m_LightmapParameters: {fileID: 0}
  m_SortingLayerID: 0
  m_SortingLayer: 0
  m_SortingOrder: 0
  serializedVersion: 2
  m_Quality: 0
  m_UpdateWhenOffscreen: 0
  m_SkinnedMotionVectors: 1
  m_Mesh: {fileID: 4300000, guid: 7fd3007880bd2af4cb906a074bd028b8, type: 3}
  m_Bones:
  - {fileID: 4755248332724028}
  - {fileID: 4877888576731262}
  - {fileID: 4182628706823896}
  - {fileID: 4676719189505398}
  - {fileID: 4924811787664262}
  - {fileID: 4242814243167266}
  - {fileID: 4438966860354056}
  - {fileID: 4451879261886858}
  - {fileID: 4546621518596556}
  - {fileID: 4154765182833924}
  - {fileID: 4099328832613142}
  - {fileID: 4601951675721956}
  - {fileID: 4994679048742690}
  - {fileID: 4878830361934874}
  - {fileID: 4611526520389870}
  - {fileID: 4504073072351588}
  - {fileID: 4380046346131548}
  - {fileID: 4966165382964458}
  - {fileID: 4232106509316542}
  - {fileID: 4768445843681358}
  - {fileID: 4801915825066472}
  - {fileID: 4873713918207230}
  - {fileID: 4120287822333820}
  - {fileID: 4124432886319642}
  - {fileID: 4206328482080496}
  - {fileID: 4270112509142376}
  - {fileID: 4983644417000902}
  - {fileID: 4964632677484372}
  - {fileID: 4220713779448922}
  - {fileID: 4126873718324628}
  - {fileID: 4628841171884076}
  - {fileID: 4314845134209574}
  - {fileID: 4697213242385214}
  - {fileID: 4360553663093154}
  - {fileID: 4368351815769222}
  - {fileID: 4347726713687676}
  - {fileID: 4229589912117894}
  - {fileID: 4602081090546722}
  - {fileID: 4184326797585510}
  - {fileID: 4800836995657686}
  - {fileID: 4684505860825626}
  - {fileID: 4761802829645726}
  m_BlendShapeWeights:
  - 0
  - 0
  m_RootBone: {fileID: 4755248332724028}
  m_AABB:
    m_Center: {x: -4.4636955, y: 3.8107867, z: -0.20845652}
    m_Extent: {x: 9.010401, y: 11.109186, z: 12.899914}
  m_DirtyAABB: 0
